@article{article:1969:Hoare,
    author = {C. A. R. Hoare},
    title = {An Axiomatic Basis for Computer Programming},
    journal = {Commun. {ACM}},
    volume = 12,
    number = 10,
    pages = {576--580},
    year = 1969,
    doi = {10.1145/363235.363259},
}

@inproceedings{sam:1967:Floyd,
    author = {Floyd, Robert W},
    title = {Assigning Meanings to Programs},
    pages = {19--32},
    booktitle = {Proc. of {S}ymp. in {A}pplied {M}athematics},
    booksubtitle = {Mathematical Aspects of Computer Science},
    publisher = {American Mathematical Society},
    volume = 19,
    year = 1967,
    location = {Providence, Rhode Island},
}

@inproceedings{lics:2002:Reynolds,
    author = {John C. Reynolds},
    title = {Separation Logic: {A} Logic for Shared Mutable Data Structures},
    pages = {55--74},
    booktitle = {Proc. of the 17th {IEEE} {S}ymp. on {L}ogic in {C}omputer {S}cience},
    series = {LICS '02},
    year = 2002,
    location = {Copenhagen, Denmark},
    isbn = {0-7695-1483-9},
}

@inproceedings{csl:2001:OHearn,
    author = {Peter W. O'Hearn and John C. Reynolds and Hongseok Yang},
    title = {Local Reasoning about Programs that Alter Data Structures},
    pages = {1--19},
    booktitle = {Proc. of the 15th {I}nternational {W}orkshop on {C}omputer {S}cience {L}ogic},
    series = {CSL '01},
    publisher = {Springer},
    volume = 2142,
    year = 2001,
    location = {Paris, France},
    isbn = {3-540-42554-3},
}

@inproceedings{icalp:1980:Emerson,
    author = {E. Allen Emerson and Edmund M. Clarke},
    title = {Characterizing Correctness Properties of Parallel Programs Using Fixpoints},
    pages = {169--181},
    booktitle = {Proc. of the 7th Internatioal {C}olloquium on {A}utomata, {L}anguages and {P}rogramming},
    series = {ICALP '80},
    publisher = {Springer},
    volume = 85,
    year = 1980,
    location = {Noordwijkerhout, Netherlands},
    isbn = {3-540-10003-2},
}

@inproceedings{lop:1981:Clarke,
    author = {Edmund M. Clarke and E. Allen Emerson},
    title = {Design and Synthesis of Synchronization Skeletons Using Branching-Time Temporal Logic},
    pages = {52--71},
    booktitle = {Logics of Programs, Workshop},
    series = {LOP '81},
    publisher = {Springer},
    volume = 131,
    year = 1981,
    location = {Yorktown Heights, New York, USA},
    isbn = {3-540-11212-X},
}

@article{toplas:1986:Clarke,
    author = {Edmund M. Clarke and E. Allen Emerson and A. Prasad Sistla},
    title = {Automatic Verification of Finite-State Concurrent Systems Using Temporal Logic Specifications},
    journal = {{ACM} {T}rans. on {P}rogramming {L}anguages and {S}ystems},
    volume = 8,
    number = 2,
    pages = {244--263},
    year = 1986,
    doi = {10.1145/5397.5399},
}

@inproceedings{isp:1982:Queille,
    author = {Jean{-}Pierre Queille and Joseph Sifakis},
    title = {Specification and verification of concurrent systems in {CESAR}},
    pages = {337--351},
    booktitle = {Proc. of the 5th {I}nternational {S}ymp. on {P}rogramming},
    publisher = {Springer},
    volume = 137,
    year = 1982,
    location = {Torino, Italy},
    isbn = {3-540-11494-7},
}

@article{article:1976:King,
    author = {James C. King},
    title = {Symbolic Execution and Program Testing},
    journal = {Commun. {ACM}},
    volume = 19,
    number = 7,
    pages = {385--394},
    year = 1976,
    doi = {10.1145/360248.360252},
}

@article{article:1977:Howden,
    author = {William E. Howden},
    title = {Symbolic Testing and the {DISSECT} Symbolic Evaluation System},
    journal = {{IEEE} {T}rans. {S}oftware {E}ngineering},
    volume = 3,
    number = 4,
    pages = {266--278},
    year = 1977,
    doi = {10.1109/TSE.1977.231144},
}

@inproceedings{icas:2010:Pasareanu,
    author = {Corina S. Pasareanu and Neha Rungta},
    title = {Symbolic {P}ath{F}inder: symbolic execution of {J}ava bytecode},
    pages = {179--180},
    booktitle = {Proc. of the 25th {IEEE/ACM} {I}nternational {C}onf. on {A}utomated {S}oftware {E}ngineering},
    series = {ASE '10},
    publisher = {{ACM}},
    year = 2010,
    location = {Antwerp, Belgium},
    isbn = {978-1-4503-0116-9},
}

@article{article:1975:Boyer,
    author = {Boyer, Robert S. and Elspas, Bernard and Levitt, Karl N.},
    title = {{SELECT}---a Formal System for Testing and Debugging Programs by Symbolic Execution},
    journal = {SIGPLAN Notices},
    volume = 10,
    number = 6,
    pages = {234--245},
    year = 1975,
    doi = {10.1145/390016.808445},
}

@article{article:1992:Cousot-LP,
    author = {Patrick Cousot and Radhia Cousot},
    title = {Abstract Interpretation and Application to Logic Programs},
    journal = {{L}ogic {P}rogramming},
    volume = 13,
    number = {2{\&}3},
    pages = {103--179},
    year = 1992,
    doi = {10.1016/0743-1066(92)90030-7},
}

@article{article:1992:Cousot-LC,
    author = {Patrick Cousot and Radhia Cousot},
    title = {Abstract Interpretation Frameworks},
    journal = {{L}ogic and {C}omputation},
    volume = 2,
    number = 4,
    pages = {511--547},
    year = 1992,
    doi = {10.1093/logcom/2.4.511},
}

@inproceedings{popl:1973:Kildall,
    author = {Gary A. Kildall},
    title = {A Unified Approach to Global Program Optimization},
    pages = {194--206},
    booktitle = {Proc. of the 1st {ACM} {S}ymp. on {P}rinciples of {P}rogramming {L}anguages},
    series = {POPL '73},
    publisher = {ACM},
    location = {Boston, Massachusetts, USA},
    year = 1973,
}

@book{book:2009:Khedker,
    author = {Uday P. Khedker and Amitabha Sanyal and Bageshri Sathe},
    title = {Data Flow Analysis - Theory and Practice},
    publisher = {{CRC} Press},
    year = 2009,
    isbn = {978-0-8493-2880-0},
}

@book{book:1997:Muchnick,
    author = {Steven S. Muchnick},
    title = {Advanced Compiler Design and Implementation},
    publisher = {Morgan Kaufmann},
    year = 1997,
    isbn = {1-55860-320-4},
}

@inbook{book:1981:Sharir,
    author = {Micha Sharir and Amir Pnueli},
    title = {Two approaches to interprocedural data flow analysis},
    publisher = {Prentice-Hall},
    chapter = 7,
    pages = {189--234},
    year = 1981,
    booktitle = {Program Flow Analysis: Theory and Applications},
    isbn = {0137296819},
}

@article{article:1977:Kam,
    author = {John B. Kam and Jeffrey D. Ullman},
    title = {Monotone Data Flow Analysis Frameworks},
    journal = {{A}cta {I}nformatica},
    volume = 7,
    pages = {305--317},
    year = 1977,
}

@inproceedings{popl:1995:Reps,
    author = {Thomas W. Reps and Susan Horwitz and Shmuel Sagiv},
    title = {Precise Interprocedural Dataflow Analysis via Graph Reachability},
    pages = {49--61},
    booktitle = {Proc. of the 22nd {ACM} {SIGPLAN-SIGACT} {S}ymp. on {P}rinciples of {P}rogramming {L}anguages},
    series = {POPL '95},
    publisher = {ACM},
    year = 1995,
    location = {San Francisco, California, USA},
    isbn = {0-89791-692-1},
}