@string{CC     = "International Conference on Compiler Construction (CC)"}
@string{APLAS  = "Asian Symposium on Programming Languages and Systems (APLAS)"}
@string{ECOOP  = "European Conference on Object-Oriented Programming (ECOOP)"}
@string{FSE    = "Foundations of Software Engineering (SIGSOFT FSE)"}
@string{ICSE   = "International Conference on Software Engineering (ICSE)"}
@string{ISSTA  = "International Symposium on Software Testing and Analysis (ISSTA)"}
@string{OOPSLA = "Object-Oriented Programming, Systems, Languages, and Applications (OOPSLA)"}
@string{PLDI   = "Programming Language Design and Implementation (PLDI)"}
@string{POPL   = "Principles of Programming Languages (POPL)"}

%%%%%%%%%%%%%%%%%%%%%%%%%%%%%%%%%%%%%%%%%%%%%%%%%%%%%%%%%%%%%%%

@proceedings{aplas:2005,
	title = APLAS,
	booktitle = {Proc. of the 3rd {A}sian {S}ymp. on {P}rogramming {L}anguages and {S}ystems},
	publisher = {Springer},
	series = {APLAS '05},
	year = {2005},
	location = {Tsukuba, Japan},
	isbn = {3-540-29735-9},
}

@proceedings{cc:1994,
    title = CC,
    booktitle = {Proc. of the 5th {I}nternational {C}onf. on {C}ompiler {C}onstruction},
    publisher = {Springer},
    series = {CC '94},
    location = {Edinburgh,UK},
    year = {1994},
    isbn = {3-540-57877-3},
    % doi = {10.1007/3-540-57877-3},
    % biburl = {https://dblp.org/rec/bib/conf/cc/1994},
    % bibsource = {dblp computer science bibliography, https://dblp.org}
}

@proceedings{cc:2000,
    title = CC,
    booktitle = {Proc. of the 9th {I}nternational {C}onf. on {C}ompiler {C}onstruction},
    publisher = {Springer},
    series = {CC '00},
    location = {Berlin, Germany},
    year = {2000},
    isbn = {3-540-67263-X},
    % biburl = {http://dblp.uni-trier.de/rec/bib/conf/cc/2000},
    % bibsource = {dblp computer science bibliography, http://dblp.org},
}

@proceedings{ecoop:2006,
    title = ECOOP,
    booktitle = {Proc. of the 20th {E}uropean {C}onf. on {O}bject-{O}riented {P}rogramming},
    publisher = {Springer},
    series = {ECOOP '06},
    location = {Nantes, France},
    year = {2006},
    isbn = {3-540-35726-2},
    % bibsource = {DBLP, http://dblp.uni-trier.de},
}

@proceedings{ecoop:2012,
    title = ECOOP,
    booktitle = {Proc. of the 26th {E}uropean {C}onf. on {O}bject-{O}riented {P}rogramming},
    publisher = {Springer},
    series = {ECOOP '12},
    location = {Beijing, China},
    year = {2012},
    isbn = {978-3-642-31056-0},
    % bibsource = {DBLP, http://dblp.uni-trier.de},
}

@proceedings{fse:2013,
	title = FSE,
	booktitle = {Proc. of the {ACM} {SIGSOFT} {I}nternational {S}ymp. on the {F}oundations of {S}oftware {E}ngineering},
	publisher = {ACM},
	series = {FSE '13},
	location = {Saint Petersburg, Russian Federation},
	year = {2013},
	isbn = {978-1-4503-2237-9},
	% biburl = {http://dblp.uni-trier.de/rec/bib/conf/sigsoft/2013},
	% bibsource = {dblp computer science bibliography, http://dblp.org}
}

@proceedings{icse:2008,
    title = ICSE,
    booktitle = {Proc. of the 30th {I}nternational {C}onf. on {S}oftware {E}ngineering},
    publisher = {ACM},
    series = {ICSE '08},
    location = {Leipzig, Germany},
    year = {2008},
    isbn = {978-1-60558-079-1},
}

@proceedings{issta:2002,
	title = ISSTA,
	booktitle = {Proc. of the 2002 {I}nternational {S}ymp. on {S}oftware {T}esting and {A}nalysis},
	publisher = {ACM},
	series = {ISSTA '02},
	location = {Roma, Italy},
	year = {2002},
	isbn = {1-58113-562-9},
}

@proceedings{oopsla:2005,
    title = OOPSLA,
    booktitle = {Proc. of the 20th Annual {ACM} {SIGPLAN} {C}onf. on {O}bject {O}riented {P}rogramming, {S}ystems, {L}anguages, and {A}pplications},
    publisher = {ACM},
    series = {OOPSLA '05},
    location = {San Diego, CA, USA},
    year = {2005},
    isbn = {1-59593-031-0},
}

@proceedings{oopsla:2009,
	title = OOPSLA,
	booktitle = {Proc. of the 24th Annual {ACM} {SIGPLAN} {C}onf. on {O}bject {O}riented {P}rogramming, {S}ystems, {L}anguages, and {A}pplications},
	publisher = {ACM},
	series = {OOPSLA '09},
	location = {Orlando, Florida, USA},
	year = {2009},
	isbn = {978-1-60558-766-0},
}

@proceedings{pldi:2001,
    title = PLDI,
    booktitle = {Proc. of the 2001 {ACM} {SIGPLAN} {C}onf. on {P}rogramming {L}anguage {D}esign and {I}mplementation},
    publisher = {ACM},
    series = {PLDI '01},
    location = {Snowbird, Utah, USA},
    year = {2001},
    isbn = {1-58113-414-2},
}

@proceedings{pldi:2003,
    title = PLDI,
    booktitle = {Proc. of the 2003 {ACM} {SIGPLAN} {C}onf. on {P}rogramming {L}anguage {D}esign and {I}mplementation},
    publisher = {ACM},
    series = {PLDI '03},
    location = {San Diego, California, USA},
    year = {2003},
    isbn = {1-58113-662-5},
}

@proceedings{pldi:2004,
	title = PLDI,
	booktitle = {Proc. of the 2004 {ACM} {SIGPLAN} {C}onf. on {P}rogramming {L}anguage {D}esign and {I}mplementation},
	publisher = {ACM},
	series = {PLDI '04},
	location = {Washington, DC, USA},
	year = {2004},
	isbn = {1-58113-807-5},
}

@proceedings{pldi:2006,
    title = PLDI,
    booktitle = {Proc. of the 2006 {ACM} {SIGPLAN} {C}onf. on {P}rogramming {L}anguage {D}esign and {I}mplementation},
    publisher = {ACM},
    series = {PLDI '06},
    location = {Ottawa, Ontario, Canada},
    year = {2006},
    isbn = {1-59593-320-4},
}

@proceedings{pldi:2007,
	title = PLDI,
	booktitle = {Proc. of the 2007 {ACM} {SIGPLAN} {C}onf. on {P}rogramming {L}anguage {D}esign and {I}mplementation},
	publisher = {ACM},
	series = {PLDI '07},
	location = {San Diego, California, USA},
	year = {2007},
	isbn = {978-1-59593-633-2},
}

@proceedings{pldi:2009,
    title = PLDI,
    booktitle = {Proc. of the 2009 {ACM} {SIGPLAN} {C}onf. on {P}rogramming {L}anguage {D}esign and {I}mplementation},
    publisher = {ACM},
    series = {PLDI '09},
    location = {Dublin, Ireland},
    year = {2009},
    isbn = {978-1-60558-392-1},
}

@proceedings{pldi:2010,
    title = PLDI,
    booktitle = {Proc. of the 2010 {ACM} {SIGPLAN} {C}onf. on {P}rogramming {L}anguage {D}esign and {I}mplementation},
    publisher = {ACM},
    series = {PLDI '10},
    location = {Toronto, Ontario, Canada},
    year = {2010},
    isbn = {978-1-4503-0019-3},
}

@proceedings{pldi:2011,
    title = PLDI,
    booktitle = {Proc. of the 2011 {ACM} {SIGPLAN} {C}onf. on {P}rogramming {L}anguage {D}esign and {I}mplementation},
    publisher = {ACM},
    series = {PLDI '11},
    location = {San Jose, California, USA},
    year = {2011},
    isbn = {978-1-4503-0663-8},
}

@proceedings{pods:2005,
	title = {Symposium on Principles of Database Systems (PODS)},
	booktitle = {Proc. of the 24th {S}ymp. on {P}rinciples of {D}atabase {S}ystems},
	publisher = {ACM},
	series = {PODS '05},
	location = {Baltimore, Maryland, USA},
	year = {2005},
	isbn = {1-59593-062-0},
}

@proceedings{popl:2008,
    title = POPL,
    booktitle = {Proc. of the 35th {ACM} {SIGPLAN-SIGACT} {S}ymp. on {P}rinciples of {P}rogramming {L}anguages},
    publisher = {ACM},
    location = {San Francisco, California, USA},
    series = {POPL '08},
    year = {2008},
    isbn = {978-1-59593-689-9},
}

@proceedings{popl:2009,
	title = POPL,
	booktitle = {Proc. of the 36th {ACM} {SIGPLAN-SIGACT} {S}ymp. on {P}rinciples of {P}rogramming {L}anguages},
	publisher = {ACM},
	location = {Savannah, GA, USA},
	series = {POPL '09},
	year = {2009},
	isbn = {978-1-60558-379-2},
}

@proceedings{popl:2011,
	title = POPL,
	booktitle = {Proc. of the 38th {ACM} {SIGPLAN-SIGACT} {S}ymp. on {P}rinciples of {P}rogramming {L}anguages},
	publisher = {ACM},
	series = {POPL '11},
	location = {Austin, Texas, USA},
	year = {2011},
	isbn = {978-1-4503-0490-0},
}
