@phdthesis{thesis:Shivers,
	author = {Olin Shivers},
	title = {Control-Flow Analysis of Higher-Order Languages},
	school = {Carnegie Mellon University},
	year = 1991,
}

@phdthesis{thesis:Andersen,
	author = {Lars O. Andersen},
	title = {Program Analysis and Specialization for the {C} Programming Language},
	school = {DIKU, University of Copenhagen},
	year = 1994,
}

@phdthesis{thesis:Lhotak,
	author = {Ond\v{r}ej Lhot\'ak},
	title = {Program Analysis using Binary Decision Diagrams},
	school = {McGill University},
	year = 2006,
}

@phdthesis{thesis:Livshits,
	author = {Benjamin Livshits},
	title = {Improving Software Security with Precise Static and Runtime Analysis},
	school = {Stanford University},
	year = 2006,
}

@phdthesis{thesis:Canfield,
    author = {David Canfield Smith},
    title = {Pygmalion: A Creative Programming Environment},
    school = {Stanford University},
    year = 1975,
}

@article{article:1971:Manna,
    author = {Manna, Zohar and Waldinger, Richard J.},
    title = {Toward Automatic Program Synthesis},
    year = 1971,
    publisher = {ACM},
    journal = {Commun. ACM},
    pages = {151--165},
}

@article{article:1977:Summers,
    author = {Summers, Phillip D.},
    title = {A Methodology for LISP Program Construction from Examples},
    year = 1977,
    publisher = {ACM},
    journal = {J. ACM},
    pages = {161--175},
}

@article{article:1981:Krzysztof,
    author = {Apt, Krzysztof R.},
    title = {Ten Years of Hoare's Logic: A Survey-Part I},
    journal = {ACM Trans. Programming Languages and Systems},
    year= 1981,
    volume = 3,
    pages = {431--483},
    doi = {10.1145/357146.357150},
}

@article{article:1982:Dannenberg,
    author = {Dannenberg, Roger B. and Ernst, George W.},
    title = {Formal program verification using symbolic execution},
    journal = {IEEE Transactions on Software Engineering},
    pages = {43--52},
    year = 1982,
    publisher = {IEEE}
}

@article{article:1988:Fetzer,
    author = {Fetzer, James},
    title = {Program Verification: The Very Idea},
    journal = {Commun. ACM},
    year = 1988,
    volume = 31,
    pages = {1048--1063},
    doi = {10.1145/48529.48530},
}

@article{article:1990:Horwitz,
    author = {Horwitz, Susan and Reps, Thomas and Binkley, David},
    title = {Interprocedural Slicing Using Dependence Graphs},
    year = 1990,
    publisher = {ACM},
    volume = 12,
    number = 1,
    pages = {26--60},
}

@article{article:1991:DeMilli,
    author = {R. A. DeMilli and A. J. Offutt},
    title = {Constraint-Based Automatic Test Data Generation},
    journal = {IEEE Transactions on Software Engineering},
    year = 1991,
    pages = {900--910},
}

@article{article:1994:Koza,
    author = {Koza, John R.},
    title = {Genetic Programming as a means for Programming Computers by Natural Selection},
    journal = {Statistics and Computing},
    year = 1994,
    doi = {10.1007/bf00175355},
}

@article{article:1995:Tip,
    author = {Frank Tip},
    title = {A Survey of Program Slicing Techniques},
    journal = {Journal of Programming Languages},
    year = 1995,
    volume = 3,
    pages = {121--189},
}

@article{article:1998:Reps,
    author = {Thomas Reps},
    title = {Program analysis via graph reachability},
    journal = {Information {\&} {S}oftware {T}echnology},
    year= 1998,
    volume = 40,
    pages = {701--726},
    doi = {10.1016/S0950-5849(98)00093-7},
}

@article{article:1999:Hind,
	author = {Michael Hind and Michael Burke and Paul Carini and Jong-Deok Choi},
	title = {Interprocedural Pointer Alias Analysis},
	journal = {ACM Trans. Program. Lang. Syst.},
	volume = 21,
	number = 4,
	year = 1999,
	pages = {848--894},
	publisher = {ACM},
	issn = {0164-0925},
	doi = {10.1145/325478.325519},
}

@article{article:1999:Krishnan,
    author = {V. {Krishnan} and J. {Torrellas}},
    title = {A chip-multiprocessor architecture with speculative multithreading}, 
    journal = {IEEE Transactions on Computers},
    volume = 48,
    number = 9,
    year = 1999,
    pages = {866--880},
}

@article{article:2002:Sagiv,
	author = {Mooly Sagiv and Thomas Reps and Reinhard Wilhelm},
	title = {Parametric shape analysis via 3-valued logic},
	journal = {ACM Transactions on Programming Languages and Systems},
	volume = 24,
	number = 3,
	year = 2002,
	pages = {217--298},
	publisher = {ACM},
	issn = {0164-0925},
	doi = {10.1145/514188.514190},
}

@article{article:2002:Blanchet,
    author = {Blanchet, Bruno and Cousot, Patrick and Cousot, Radhia and Feret, Jerome and Mauborgne, Laurent and Mine, Antoine and Monniaux, David and Rival, Xavier},
    title = {Design and Implementation of a Special-Purpose Static Program Analyzer for Safety-Critical Real-Time Embedded Software},
    journal = {The Essence of Compuation: Complexity, Analysis, Transformation},
    year = 2002,
}

@article{article:2004:Hammond,
    author = {L. {Hammond} and B. D. {Carlstrom} and V. {Wong} and M. {Chen} and C. {Koryrakis} and K. {Olukotun}},
    title = {Transactional coherence and consistency: simplifying parallel hardware and software}, 
    journal = {IEEE Micro}, 
    year = 2004,
    volume = 24,
    number = 6,
    pages = {92--103},
}

@article{article:2004:PengSheng,
    author = {Peng-Sheng Chen and Yuan-Shin Hwang and R. D. Ju and J. K. Lee},
    title = {Interprocedural probabilistic pointer analysis}, 
    journal = {IEEE Transactions on Parallel and Distributed Systems}, 
    year = 2004,
    volume = 15,
    number = 10,
    pages = {893--907},
}

@article{article:2005:Milanova,
	author = {Ana Milanova and Atanas Rountev and Barbara G. Ryder},
	title = {Parameterized object sensitivity for points-to analysis for {J}ava},
	journal = {ACM Trans. Softw. Eng. Methodol.},
	volume = 14,
	number = 1,
	year = 2005,
	pages = {1--41},
	publisher = {ACM},
	issn = {1049-331X},
	doi = {http://doi.acm.org/10.1145/1044834.1044835},
}

@article{article:2005:Weber,
    author = {Weber, Tjark},
    title = {Using a SAT Solver as a Fast Decision Procedure for Propositional Logic in an LCF-style Theorem Prover?},
    year = 2005,
}

@article{article:2007:Hirzel,
	author = {Martin Hirzel and Daniel von Dincklage and Amer Diwan and Michael Hind},
	title = {Fast online pointer analysis},
	journal = {ACM Trans. Program. Lang. Syst.},
	volume = 29,
	number = 2,
	year = 2007,
	doi = {10.1145/1216374.1216379},
}

@article{article:2008:tosem:Lhotak,
	author = {Ond\v{r}ej Lhot\'{a}k and Laurie J. Hendren},
	title = {Evaluating the benefits of context-sensitive points-to analysis using a {BDD}-based implementation},
	journal = {ACM Trans. Softw. Eng. Methodol.},
	volume = 18,
	number = 1,
	year = 2008,
	pages = {1--53},
	publisher = {ACM},
	issn = {1049-331X},
	doi = {10.1145/1391984.1391987},
}

@article{article:2008:Cadar,
    author = {Cadar, Cristian and Ganesh, Vijay and Pawlowski, Peter M. and Dill, David L. and Engler, Dawson R.},
    title = {EXE: Automatically Generating Inputs of Death},
    journal = {ACM Trans. Inf. Syst. Secur.},
    year = 2008,
}

@article{article:2011:Calcagno,
	author = {Calcagno, Cristiano and Distefano, Dino and O'Hearn, Peter W. and Yang, Hongseok},
	title = {Compositional Shape Analysis by Means of Bi-Abduction},
	journal = {J. ACM},
	volume = 58,
	number = 6,
	year = 2011,
	publisher = {ACM},
	issn = {0004-5411},
	doi = {10.1145/2049697.2049700},
}

@article{article:2012:OHearn,
    author = {O'Hearn, Peter},
    title = {A Primer on Separation Logic (and Automatic Program Verification and Analysis)},
    year = 2012,
}

@article{article:2013:Mohring,
    author = {Paulin-Mohring, Christine},
    title = {Introduction to the Coq Proof-Assistant for Practical Software Verification},
    year = 2012,
    doi = {10.1007/978-3-642-35746-6_3},
}

@article{article:2015:Smaragdakis,
	author = {Yannis Smaragdakis and George Balatsouras},
	title = {Pointer Analysis},
	journal = {Foundations and Trends in Programming Languages},
	volume = 2,
	number = 1,
	year = 2015,
	pages = {1-69},
	issn = {2325-1107},
	doi = {10.1561/2500000014},
}

@article{article:2015:Madhavan,
	author = {Ravichandhran Madhavan and G. Ramalingam and Kapil Vaswani},
	title = {A Framework For Efficient Modular Heap Analysis},
	journal = {Foundations and Trends in Programming Languages},
	volume = 1,
	number = 4,
	year = 2015,
	pages = {269-381},
	issn = {2325-1107},
	doi = {10.1561/2500000020},
}

@article{article:2015:Livshits,
	author = {Livshits, Benjamin and Sridharan, Manu and Smaragdakis, Yannis and Lhot\'{a}k, Ond\v{r}ej and Amaral, J. Nelson and Chang, Bor-Yuh Evan and Guyer, Samuel Z. and Khedker, Uday P. and M{\o}ller, Anders and Vardoulakis, Dimitrios},
	title = {In Defense of Soundiness: A Manifesto},
	journal = {Commun. ACM},
	volume = 58,
	number = 2,
	year = 2015,
	pages = {44--46},
	issn = {0001-0782},
	doi = {10.1145/2644805},
} 

@article{article:2015:Heule,
    author = {Heule, Marijn JH and Biere, Armin},
    title = {Proofs for satisfiability problems},
    journal = {All about Proofs, Proofs for all},
    publisher = {Citeseer},
    volume = 55,
    number = 1,
    year = 2015,
    pages = {1--22},
}

@article{article:2017:Reynolds,
    author = {Reynolds, Andrew and Tinelli, Cesare and Barrett, Clark},
    title = {Constraint Solving for Finite Model Finding in SMT Solvers},
    journal = {Theory and Practice of Logic Programming},
    publisher = {Cambridge University Press (CUP)},
    volume = 17,
    number = 4,
    year = 2017,
    pages = {516--558},
}

@incollection{col:1981:Sharir,
	author = {Micha Sharir and Amir Pnueli},
	title = {Two Approaches to Interprocedural Data Flow Analysis},
	booktitle = {Program flow analysis: theory and applications},
	publisher = {Prentice-Hall, Inc.},
	year = 1981,
	chapter = 7,
	pages = {189--233},
}

@incollection{col:1994:Reps,
	author = {Thomas W. Reps},
	title = {Demand interprocedural program analysis using logic databases},
	booktitle = {Applications of Logic Databases},
	publisher = {Kluwer Academic Publishers},
	year = 1994,
	pages = {163--196},
}

@incollection{col:2000:Reynolds,
    author = {John C. Reynolds},
    title = {Intuitionistic Reasoning about Shared Mutable Data Structure},
    booktitle = {Millennial Perspectives in Computer Science},
    publisher = {Palgrave},
    year = 2000,
    pages = {303--321},
}

@techreport{tech:2012:Livshits,
	author = {Magnus Madsen and Benjamin Livshits and Michael Fanning},
	title = {Practical Static Analysis of {J}avaScript Applications in the Presence of Frameworks and Libraries},
	number = {MSR-TR-2012-66},
	year = 2012,
	institution = {Microsoft Research},
}

@misc{misc:2007:Gomes,
    author = {Carla P. Gomes and Henry Kautz and Ashish Sabharwal and Bart Selman},
    title = {Satisfiability solvers},
    year = {2007}
}

@misc{misc:Cifuentes,
	author = {Cristina Cifuentes},
	title = {Personal communication},
	year = 2013
}

@misc{misc:Chong,
	author = {Stephen Chong},
	title = {Personal communication},
	year = 2013
}

@misc{misc:Xavier,
	author = {Xavier Rival},
	title = {Comment on "What Is Soundness in Static Analysis" post, in the {PL Enthusiast} blog},
	howpublished = {\url{http://www.pl-enthusiast.net/2017/10/23/what-is-soundness-in-static-analysis/\#comment-1265}},
	year = 2017,
}

@misc{www:wala,
	title = {{T.J.} {W}atson Libraries for Analysis ({WALA})},
	author = {Stephen J. Fink},
	howpublished = {\url{http://wala.sourceforge.net}},
}

@misc{www:wala-reflection,
	title = {{WALA} {U}ser{G}uide: {P}ointer{A}nalysis},
	author = {Stephen J. Fink and others},
	howpublished = {\url{http://wala.sourceforge.net/wiki/index.php/UserGuide:PointerAnalysis}},
	year = 2013,
}

%%%%%%%%%%%%%%%%%%%%%%%%%%%%%%%%%%%%%%%%%%%%%%%%%%%%%%%%%%%%%%%

@inproceedings{aplas:2005:Whaley,
	author = {John Whaley and Dzintars Avots and Michael Carbin and Monica S. Lam},
	title = {Using {D}atalog with Binary Decision Diagrams for Program Analysis},
	crossref = {aplas:2005},
	pages = {97--118},
}

@inproceedings{aplas:2005:Livshits,
	author = {Benjamin Livshits and John Whaley and Monica S. Lam},
	title = {Reflection Analysis for {J}ava},
	crossref = {aplas:2005},
	pages = {139--160}, 
}

@inproceedings{aplas:2007:DiPierro,
	author = {Alessandra Di Pierro and Chris Hankin and Herbert Wiklicky},
	title = {A Systematic Approach to Probabilistic Pointer Analysis},
	crossref = {aplas:2007},
	pages = {335--250}, 
}

@inproceedings{aplas:2015:Smaragdakis,
	author = {Yannis Smaragdakis and George Balatsouras and George Kastrinis and Martin Bravenboer},
	title = {More Sound Static Handling of {J}ava Reflection},
	crossref = {aplas:2015},
}

@inproceedings{asplos:1998:Hammond,
	author = {Hammond, Lance and Willey, Mark and Olukotun, Kunle},
	title = {Data Speculation Support for a Chip Multiprocessor},
	crossref = {asplos:1998},
	pages = {58--69},
}

@inproceedings{asplos:2004:Hammond,
	author = {Hammond, Lance and Carlstrom, Brian D. and Wong, Vicky and Hertzberg, Ben and Chen, Mike and Kozyrakis, Christos and Olokotun, Kunle},
	title = {Programming with Transactional Coherence and Consistency (TCC)},
	crossref = {asplos:2004},
	pages = {1--13},
}

@inproceedings{asplos:2006:Silva,
	author = {Da Silva, Jeff and Steffan, J. Gregory},
	title = {A Probabilistic Pointer Analysis for Speculative Optimizations},
	crossref = {asplos:2006},
	pages = {416--425},
}

@inproceedings{cav:2006:Bouajjani,
    author = {Ahmed Bouajjani and Marius Bozga and Peter Habermehl and Radu Iosif and Pierre Moro and Tomas Vojnar},
    title = {Programs with Lists Are Counter Automata},
    crossref = {cav:2006},
    pages = {517--531},
}

@inproceedings{cc:1994:Reps,
	author = {Thomas W. Reps},
	title = {Solving Demand Versions of Interprocedural Analysis Problems},
	crossref = {cc:1994},
	pages = {389--403},
}

@inproceedings{cc:2000:Vall,
	author = {Raja Vall\'ee-Rai and Etienne Gagnon and Laurie J. Hendren and Patrick Lam and Patrice Pominville and Vijay Sundaresan},
	title = {Optimizing {J}ava Bytecode Using the {S}oot Framework: Is It Feasible?},
	crossref = {cc:2000},
	pages = {18--34},
}

@inproceedings{cc:2006:Lhotak,
	author = {Ondrej Lhot{\'a}k and Laurie J. Hendren},
	title = {Context-Sensitive Points-to Analysis: Is It Worth It?},
	crossref = {cc:2006},
	pages = {47--64},
}

@inproceedings{cc:2013:Kastrinis,
	author = {George Kastrinis and Yannis Smaragdakis},
	title = {Efficient and Effective Handling of Exceptions in {Java} Points-To Analysis},
	crossref = {cc:2013},
}

@inproceedings{cc:2013:Lu,
	author = {Lu, Yi and Shang, Lei and Xie, Xinwei and Xue, Jingling},
	title = {An Incremental Points-To Analysis with CFL-Reachability},
	crossref = {cc:2013},
}

@inproceedings{cc:2016:Scholz,
	author = {Bernhard Scholz and Herbert Jordan and Pavle Subotic and Till Westmann},
	title = {On fast large-scale program analysis in Datalog},
	crossref = {cc:2016},
	pages = {196--206},
}

@inproceedings{cc:2018:Kastrinis,
	author = {George Kastrinis and George Balatsouras and Kostas Ferles and Nefeli Prokopaki{-}Kostopoulou and Yannis Smaragdakis},
	title = {An efficient data structure for must-alias analysis},
	crossref = {cc:2018},
	pages = {48--58},
}

@inproceedings{cgo:2012:Lei,
	author = {Shang, Lei and Xie, Xinwei and Xue, Jingling},
	title = {On-Demand Dynamic Summary-Based Points-to Analysis},
	crossref = {cgo:2012},
	pages = {264--274},
}

@inproceedings{ecoop:1995:Dean,
	author = {Jeffrey Dean and David Grove and Craig Chambers},
	title = {Optimization of Object-Oriented Programs Using Static Class Hierarchy Analysis},
	crossref = {ecoop:1995},
	pages = {77--101},
}

@inproceedings{ecoop:2004:Hirzel,
	author = {Martin Hirzel and Amer Diwan and Michael Hind},
	title = {Pointer Analysis in the Presence of Dynamic Class Loading},
	crossref = {ecoop:2004},
	pages = {96--122},
}

@inproceedings{ecoop:2006:Hajiyev,
	author = {Elnar Hajiyev and Mathieu Verbaere and Oege de Moor},
	title = {{C}ode{Q}uest: Scalable Source Code Queries with {D}atalog},
	crossref = {ecoop:2006},
	pages = {2--27},
}

@inproceedings{ecoop:2009:Xu,
	author = {Xu, Guoqing and Routnev, Atanas and Sridharan, Manu},
	title = {Scaling CFL-Reachability-Based Points-to Analysis using Context-Sensitive Must-Not-Alias Analysis},
	crossref = {ecoop:2009},
	pages = {98--122},
}

@inproceedings{ecoop:2012:Ali,
	author = {Karim Ali and Ondrej Lhot{\'a}k},
	title = {Application-Only Call Graph Construction},
	crossref = {ecoop:2012},
	pages = {688--712},
}

@inproceedings{ecoop:2012:De,
	author = {Arnab De and Deepak D'Souza},
	title = {Scalable Flow-sensitive Pointer Analysis for Java with Strong Updates},
	crossref = {ecoop:2012},
	pages = {665--687},
}

@inproceedings{ecoop:2014:Li,
	author = {Yue Li and Tian Tan and Yulei Sui and Jingling Xue},
	title = {Self-Inferencing Reflection Resolution for {J}ava},
	crossref = {ecoop:2014},
	pages = {27--53},
}

@inproceedings{ecoop:2016:Spath,
	author = {Johannes Sp{\"{a}}th and Lisa Nguyen Quang Do and Karim Ali and Eric Bodden},
	title = {Boomerang: Demand-Driven Flow- and Context-Sensitive Pointer Analysis for Java},
	crossref = {ecoop:2016},
	pages = {22:1--22:26},
}

@inproceedings{ecoop:2018:Smaragdakis,
	author = {Yannis Smaragdakis and George Kastrinis},
	title = {Defensive Points-To Analysis: Effective Soundness via Laziness},
	crossref = {ecoop:2018},
	pages = {23:1--23:28},
}

@inproceedings{esop:2009:Yuan,
	author = {Yuan, Hao and Eugster, Patrick},
	title = {An Efficient Algorithm for Solving the Dyck-CFL Reachability Problem on Trees},
	crossref = {esop:2009},
	pages = {175--189},
}

@inproceedings{fse:1994:Reps,
	author = {Reps, Thomas and Horwitz, Susan and Sagiv, Mooly and Rosay Geneviene},
	title = {Speeding up Slicing},
	crossref = {fse:1994},
	pages = {11--20},
}

@inproceedings{fse:2013:Madsen,
	author = {Magnus Madsen and Benjamin Livshits and Michael Fanning},
	title = {Practical static analysis of {J}ava{S}cript applications in the presence of frameworks and libraries},
	crossref = {fse:2013},
	pages = {499--509},
}

@inproceedings{esec-fse:2018:Li,
	author = {Yue Li and Tian Tan and Anders M{\o}ller and Yannis Smaragdakis},
	title = {Scalability-first pointer analysis with self-tuning context-sensitivity},
	crossref = {esec-fse:2018},
	pages = {129--140},
}

@inproceedings{hpca:2001:Roth,
	author = {Roth, Amir and Sohi, Gurindar S.},
	title = {Speculative Data-Driven Multithreading},
	crossref = {hpca:2001},
	pages = {37},
}

@inproceedings{icse:2008:Eichberg,
	author = {Michael Eichberg and Sven Kloppenburg and Karl Klose and Mira Mezini},
	title = {Defining and Continuous Checking of Structural Program Dependencies},
	crossref = {icse:2008},
	pages = {391--400},
}

@inproceedings{icse:2017:Landman,
	author = {Davy Landman and Alexander Serebrenik and Jurgen J. Vinju},
	title = {Challenges for Static Analysis of {Java} Reflection -- Literature Review and Empirical Study},
	crossref = {icse:2017},
}

@inproceedings{ictac:2012:Nikolic,
	author = {Durica Nikoli{\'c} and Fausto Spoto},
	title = {Definite Expression Aliasing Analysis for {J}ava Bytecode},
	crossref = {ictac:2012},
	pages = {74--89},
}

@inproceedings{ilps:1997:Reps,
	author = {Thomas Reps},
	title = {Program Analysis via Graph Reachability},
	crossref = {ilps:1997},
	pages = {5--19},
}

@inproceedings{ismm:2012:Nasre,
	author = {Rupesh Nasre},
	title = {Exploiting the structure of the constraint graph for efficient points-to analysis},
	crossref = {ismm:2012},
	pages = {121--132},
}

@inproceedings{isola:2008:Ma,
	author = {Xiaodong Ma and Ji Wang and Wei Dong},
	title = {Computing Must and May Alias to Detect Null Pointer Dereference},
	crossref = {isola:2008},
	pages = {252--261},
}

@inproceedings{issta:2002:Milanova,
	author = {Ana Milanova and Atanas Rountev and Barbara G. Ryder},
	title = {Parameterized object sensitivity for points-to and side-effect analyses for {J}ava},
	crossref = {issta:2002},
	pages = {1--11},
}

@inproceedings{issta:2006:Fink,
	author = {Stephen Fink and Eran Yahav and Nurit Dor and G. Ramalingam and Emmanuel Geay},
	title = {Effective typestate verification in the presence of aliasing},
	crossref = {issta:2006},
	pages = {133--144},
}

@inproceedings{nfm:2015:Calcagno,
	author = {Calcagno, Cristiano and Distefano, Dino and Dubreil, Jeremy and Gabi, Dominik and Hooimeijer, Pieter and Luca, Martino and O'Hearn, Peter and Papakonstantinou, Irene and Purbrick, Jim and Rodriguez, Dulma},
	title = {Moving Fast with Software Verification},
	crossref = {nfm:2015},
	pages = {3--11},
}

@inproceedings{oopsla:1996:Bacon,
	author = {David F. Bacon and Peter F. Sweeney},
	title = {Fast static analysis of {C}++ virtual function calls},
	crossref = {oopsla:1996},
	pages = {324--341},
}

@inproceedings{oopsla:2005:Sridharan,
	author = {Manu Sridharan and Denis Gopan and Lexin Shan and Rastislav Bod\'{\i}k},
	title = {Demand-driven points-to analysis for {J}ava},
	crossref = {oopsla:2005},
	pages = {59--76},
}

@inproceedings{oopsla:2006:Blackburn,
	author = {Stephen M. Blackburn and Robin Garner and Chris Hoffmann and Asjad M. Khan and Kathryn S. McKinley and Rotem Bentzur and Amer Diwan and Daniel Feinberg and Daniel Frampton and Samuel Z. Guyer and Martin Hirzel and Antony L. Hosking and Maria Jump and Han Bok Lee and J. Eliot B. Moss and Aashish Phansalkar and Darko Stefanovic and Thomas VanDrunen and Daniel von Dincklage and Ben Wiedermann},
	title = {The {D}a{C}apo benchmarks: {J}ava benchmarking development and analysis},
	crossref = {oopsla:2006},
	pages = {169--190},
}

@inproceedings{oopsla:2009:Bravenboer,
	author = {Martin Bravenboer and Yannis Smaragdakis},
	title = {Strictly Declarative Specification of Sophisticated Points-to Analyses},
	crossref = {oopsla:2009},
}

@inproceedings{oopsla:2018:Li,
    author = {Yue Li and Tian Tan and Anders M{\o}ller and Yannis Smaragdakis},
    title = {Precision-guided context sensitivity for pointer analysis},
    crossref = {oopsla:2018},
    pages = {141:1--141:29},
}

@inproceedings{paste:2005:Liang,
	author = {Donglin Liang and Maikel Pennings and Mary J. Harrold},
	title = {Evaluating the impact of context-sensitivity on {A}ndersen's algorithm for {J}ava programs},
	crossref = {paste:2005},
	pages = {6-12},
}

@inproceedings{pepm:1995:Reps,
	author = {Thomas Reps},
	title = {Shape Analysis as a Generalized Path Problem},
	crossref = {pepm:1995},
	pages = {1--11},
}

@inproceedings{pldi:1994:Emami,
	author = {Maryam Emami and Rakesh Ghiya and Laurie J. Hendren},
	title = {Context-sensitive interprocedural points-to analysis in the presence of function pointers},
	crossref = {pldi:1994},
	pages = {242--256},
}

@inproceedings{pldi:1998:Fahndrich,
	author = {Manuel F{\"{a}}hndrich and Jeffrey S. Foster and Zhendong Su and Alexander Aiken},
	title = {Partial Online Cycle Elimination in Inclusion Constraint Graphs},
	crossref = {pldi:1998},
	pages = {85--96},
}

@inproceedings{pldi:1999:Yong,
    author = {Yong, Suan H. and Horwitz, Susan and Reps, Thomas},
    title = {Pointer analysis for programs with structures and casting},
    crossref = {pldi:1999},
    pages = {91--103},
}

@inproceedings{pldi:2000:Rountev,
	author = {Atanas Rountev and Satish Chandra},
	title = {Off-line variable substitution for scaling points-to analysis},
	crossref = {pldi:2000},
	pages = {47--56},
}

@inproceedings{pldi:2000:Sreedhar,
	author = {Vugranam C. Sreedhar and Michael Burke and Jong-Deok Choi},
	title = {A Framework for Interprocedural Optimization in the Presence of Dynamic Class Loading},
	crossref = {pldi:2000},
	pages = {196--207},
} 

@inproceedings{pldi:2001:Heintze,
	author = {Nevin Heintze and Olivier Tardieu},
	title = {Demand-Driven Pointer Analysis},
	crossref = {pldi:2001},
	pages = {24--34},
}

@inproceedings{pldi:2003:Berndl,
	author = {Marc Berndl and Ondrej Lhot{\'a}k and Feng Qian and Laurie J. Hendren and Navindra Umanee},
	title = {Points-to analysis using {BDD}s},
	crossref = {pldi:2003},
	pages = {103--114},
}

@inproceedings{pldi:2004:Whaley,
	author = {John Whaley and Monica S. Lam},
	title = {Cloning-based context-sensitive pointer alias analysis using binary decision diagrams},
	crossref = {pldi:2004},
	pages = {131--144},
}

@inproceedings{pldi:2006:Sridharan,
	author = {Manu Sridharan and Rastislav Bod{\'i}k},
	title = {Refinement-based context-sensitive points-to analysis for {J}ava},
	crossref = {pldi:2006},
	pages = {387--400},
}

@inproceedings{pldi:2006:Naik,
	author = {Mayur Naik and Alex Aiken and John Whaley},
	title = {Effective static race detection for {J}ava},
	crossref = {pldi:2006},
	pages = {308--319},
}

@inproceedings{pldi:2007:Hardekopf,
	author = {Ben Hardekopf and Calvin Lin},
	title = {The ant and the grasshopper: fast and accurate pointer analysis for millions of lines of code},
	crossref = {pldi:2007},
	pages = {290--299},
}

@InProceedings{pldi:2007:Lattner,
	author = {Chris Lattner and Andrew Lenharth and Vikram Adve},
	title = {Making Context-Sensitive Points-to Analysis with Heap Cloning Practical For The Real World},
	crossref = {pldi:2007},
}

@inproceedings{pldi:2009:Tripp,
	author = {Omer Tripp and Marco Pistoia and Stephen J. Fink and Manu Sridharan and Omri Weisman},
	title = {{TAJ}: effective taint analysis of web applications},
	crossref = {pldi:2009},
	pages = {87--97},
}

@inproceedings{pldi:2010:Might,
	author = {Matthew Might and Yannis Smaragdakis and David Van Horn},
	title = {Resolving and Exploiting the \emph{k}-{CFA} Paradox: Illuminating Functional vs. Object-oriented Program Analysis},
	crossref = {pldi:2010},
	pages = {305--315},
}

@inproceedings{pldi:2011:Liang,
	author = {Percy Liang and Mayur Naik},
	title = {Scaling abstraction refinement via pruning},
	crossref = {pldi:2011},
	pages = {590--601},
}

@inproceedings{pldi:2013:Kastrinis,
	author = {George Kastrinis and Yannis Smaragdakis},
	title = {Hybrid Context-Sensitivity for Points-To Analysis},
	crossref = {pldi:2013},
}

@inproceedings{pldi:2013:Zhang,
	author = {Qirun Zhang and Michael R. Lyu and Hao Yuan and Zhendong Su},
	title = {Fast Algorithms for {D}yck-{CFL}-Reachability with applications to Alias Analysis},
	crossref = {pldi:2013},
	pages = {435--446},
}

@inproceedings{pldi:2014:Smaragdakis,
	author = {Yannis Smaragdakis and George Kastrinis and George Balatsouras},
	title = {Introspective Analysis: Context-sensitivity, Across the Board},
	crossref = {pldi:2014},
	pages = {485--495},
}

@inproceedings{pods:2005:Lam,
	author = {Monica S. Lam and John Whaley and V. Benjamin Livshits and Michael C. Martin and Dzintars Avots and Michael Carbin and Christopher Unkel},
	title = {Context-sensitive program analysis as database queries},
	crossref = {pods:2005},
	pages = {1--12},
}

@inproceedings{popl:1977:Cousot,
	author = {Patrick Cousot and Radhia Cousot},
	title = {Abstract interpretation: a unified lattice model for static analysis of programs by construction or approximation of fixpoints},
	crossref = {popl:1977},
	pages = {238--252},
}

@inproceedings{popl:1989:Pnueli,
	author = {Pnueli, A. and Rosner, R.},
	title = {On the Synthesis of a Reactive Module},
	crossref = {popl:1989},
	pages = {179--190},
}

@inproceedings{popl:1993:Choi,
	author = {Choi, Jong D. and Burke, Michael and Carini, Paul},
	title = {Efficient flow-sensitive interprocedural computation of pointer-induced aliases and side effects},
	crossref = {popl:1993},    
	pages = {232--245},
}

@inproceedings{popl:1995:Altucher,
	author = {Rita Z. Altucher and William Landi},
	title = {An Extended Form of Must Alias Analysis for Dynamic Allocation},
	crossref = {popl:1995},
	pages = {74--84},
}

@inproceedings{popl:1996:Steensgaard,
	author = {Bjarne Steensgaard},
	title = {Points-to analysis in almost linear time},
	crossref = {popl:1996},
	pages = {32--41},
}

@inproceedings{popl:1996:Deutsch,
	author = {Alain Deutsch},
	title = {On the Complexity of Escape Analysis},
	crossref = {popl:1996},
	pages = {358--371},
}

@inproceedings{popl:1997:Biswas,
	author = {Sandip K. Biswas},
	title = {A demand-driven set-based analysis},
	crossref = {popl:1997},
	pages = {372--385},
}

@inproceedings{popl:1998:Blanchet,
	author = {Bruno Blanchet},
	title = {Escape analysis: Correctness proof, implementation and experimental results},
	crossref = {popl:1998},
	pages = {25--37},
}

@inproceedings{popl:1998:Jagannathan,
	author = {Suresh Jagannathan and Peter Thiemann and Stephen Weeks and Andrew Wright},
	title = {Single and Loving It: Must-alias Analysis for Higher-order Languages},
	crossref = {popl:1998},
	pages = {329--341},
}

@inproceedings{popl:2001:Ishtiaq,
    author = {Samin S. Ishtiaq and Peter W. O'Hearn},
    title = {{BI} as an Assertion Language for Mutable Data Structures},
    crossref = {popl:2001},
    pages = {14--26},
}

@inproceedings{popl:2008:Zheng,
	author = {Xin Zheng and Radu Rugina},
	title = {Demand-driven alias analysis for {C}},
	crossref = {popl:2008},
	pages = {197--208},
}

@inproceedings{popl:2009:Hardekopf,
	author = {Ben Hardekopf and Calvin Lin},
	title = {Semi-sparse flow-sensitive pointer analysis},
	crossref = {popl:2009},
	pages = {226--238},
}

@inproceedings{popl:2009:Calcagno,
	author = {Cristiano Calcagno and Dino Distefano and Peter O'Hearn and Hongseok Yang},
	title = {Compositional Shape Analysis by Means of Bi-abduction},
	crossref = {popl:2009},
	pages = {289--300},
}

@inproceedings{popl:2011:Lhotak,
	author = {Lhot\'{a}k, Ond\v{r}ej and Chung, Kwok-Chiang Andrew},
	title = {Points-to Analysis with Efficient Strong Updates},
	crossref = {popl:2011},
	pages = {3--16},
}

@inproceedings{popl:2011:Smaragdakis,
	author = {Yannis Smaragdakis and Martin Bravenboer and Ond\v{r}ej Lhot\'{a}k},
	title = {Pick Your Contexts Well: Understanding Object-Sensitivity},
	crossref = {popl:2011},
	pages = {17--30},
}

@inproceedings{popl:2011:Gulwani,
	author = {Gulwani, Sumit},
	title = {Automatic String Processing in Spreadsheets Using Input-Output Examples},
	crossref = {popl:2011},
	pages = {317--330},
}

@inproceedings{popl:2014:Li,
	author = {Li, Yi and Albarghouthi, Aws and Kincaid, Zachary and Gurfinkel, Arie and Chechik, Marsha},
	title = {Symbolic Optimization with SMT Solvers},
	crossref = {popl:2014},
	pages = {606--618},
}

@inproceedings{pppj:2014:Milanova,
	author = {Milanova, Ana and Huang, Wei and Dong, Yao},
	title = {CFL-Reachability and Context-Sensitive Integrity Types},
	crossref = {pppj:2014},
	pages = {99-109},
}

@inproceedings{sas:2006:Balakrishnan,
	author = {Gogul Balakrishnan and Thomas W. Reps},
	title= {Recency-Abstraction for Heap-Allocated Storage},
	crossref = {sas:2006},
	pages = {221--239},
}

@inproceedings{sas:2007:Hardekopf,
	author = {Ben Hardekopf and Calvin Lin},
	title = {Exploiting pointer and location equivalence to optimize pointer analysis},
	crossref = {sas:2007},
	pages = {265--280}
}

@inproceedings{sas:2007:Delmas,
	author = {David Delmas and Jean Souyris},
	title = {Astr{\'e}e: From Research to Industry},
	crossref = {sas:2007},
	pages = {437--451},
}

@inproceedings{sas:2015:Li,
	author = {Yue Li and Tian Tan and Jingling Xue},
	title = {Effective Soundness-Guided Reflection Analysis},
	crossref = {sas:2015},
	pages = {162--180},
}

@inproceedings{soap:2017:Balatsouras,
	author = {George Balatsouras and Kostas Ferles and George Kastrinis and Yannis Smaragdakis},
	title = {A Datalog Model of Must-Alias Analysis},
	crossref = {soap:2017},
	pages = {7--12},
}

@inproceedings{tacas:2008:DeMoura,
    author = {De Moura, Leonardo and Bj{\o}rner, Nikolaj},
    title = {Z3: An efficient SMT solver},
    crossref = {tacas:2008},
    pages = {337--340},
}


@inproceedings{cascon:1999:Vall,
	author = {Raja Vall{\'e}e-Rai and Phong Co and Etienne Gagnon and Laurie J. Hendren and Patrick Lam and Vijay Sundaresan},
	title = {Soot - a {J}ava bytecode optimization framework},
	booktitle = {Proc. of the 1999 Conf. of the {C}entre for {A}dvanced {S}tudies on {C}ollaborative research},
	series = {CASCON '99},
	pages = {125--135},
	year = 1999,
	location = {Mississauga, Ontario, Canada},
	url = {http://dl.acm.org/citation.cfm?id=781995.782008},
	publisher = {IBM Press},
}

@inproceedings{uss:2009:Guarnieri,
	author = {Salvatore Guarnieri and Benjamin Livshits},
	title = {{GateKeeper}: mostly static enforcement of security and reliability policies for  {J}avascript code},
	booktitle = {Proc. of the 18th {USENIX} {S}ecurity {S}ymposium},
	series = {SSYM' 09},
	year = 2009,
	pages = {151--168},
	location = {Montreal, Canada},
	url = {http://dl.acm.org/citation.cfm?id=1855768.1855778},
	publisher = {USENIX Association},
}

@inproceedings{ijcai:1969:Cordell,
    author = {Green, Cordell},
    title = {Application of Theorem Proving to Problem Solving},
    boobtitle = {Proc. of the 1st International Joint Conference on Artificial Intelligence},
    series = {IJCAI '69},
    year = 1969,
    pages = {219--239},
    location = {Washington, DC, USA},
    publisher = {Morgan Kaufmann Publishers Inc.},
}

@inproceedings{ijcai:1969:Waldinger,
    author = {Waldinger, Richard J. and Lee, Richard C. T.},
    title = {PROW: A Step Toward Automatic Program Writing},
    boobtitle = {Proc. of the 1st International Joint Conference on Artificial Intelligence},
    series = {IJCAI '69},
    year = 1969,
    pages = {241--252},
    location = {Washington, DC, USA},
    publisher = {Morgan Kaufmann Publishers Inc.},
}

@inproceedings{ijcai:1975:Manna,
    author = {Manna, Zohar and Waldinger, Richard},
    title = {Knowledge and Reasoning in Program Synthesis},
    boobtitle = {Proc. of the 4th International Joint Conference on Artificial Intelligence},
    series = {IJCAI '75},
    year = 1975,
    pages = {288--295},
    location = {San Francisco, CA, USA},
    publisher = {Morgan Kaufmann Publishers Inc.},
}

@inproceedings{ijcai:1975:Shaw,
    author = {Shaw, David E. and Swartout, William R. and Green, C. Cordell},
    title = {Inferring LISP Programs  from Examples},
    boobtitle = {Proc. of the 4th International Joint Conference on Artificial Intelligence},
    series = {IJCAI '75},
    year = 1975,
    pages = {260--267},
    location = {San Francisco, CA, USA},
    publisher = {Morgan Kaufmann Publishers Inc.},
}

@inproceedings{icse:1981:Weiser,
    author = {Weiser, Mark},
    title = {Program Slicing},
    year = 1981,
    publisher = {IEEE Press},
    booktitle = {Proc. of the 5th International Conference on Software Engineering},
    pages = {439--449},
    location = {San Diego, California, USA},
    series = {ICSE '81},
}

@inproceedings{scam:2001:Lucia,
    author = {A. De Lucia},
    booktitle = {Proc. of the 1st IEEE International Workshop on Source Code Analysis and Manipulation}, 
    title = {Program slicing: methods and applications}, 
    year = 2001,
    pages = {142--149},
}

@inproceedings{sas:2011:Ma,
    author = {Ma, Kin-Keung and Phang, Khoo Yit and Foster, Jeffrey S. and Hicks, Michael},
    title = {Directed Symbolic Execution},
    booktitle = {Proc. of the 18th International Conference on Static Analysis},
    year = 2011,
    pages = {95--111},
    series = {SAS '11},
    location = {Venice, Italy},
}

@inproceedings{issta:2010:Staats,
    author = {Staats, Matt and Pasareanu, Corina},
    title = {Parallel Symbolic Execution for Structural Test Generation},
    booktitle = {Proc. of the 19th International Symposium on Software Testing and Analysis},
    year = 2010,
    pages = {183--194},
    location = {Trento, Italy},
    series = {ISSTA '10},
}

@inproceedings{pldi:2012:Kuznetsov,
    author = {Kuznetsov, Volodymyr and Kinder, Johannes and Bucur, Stefan and Candea, George},
    title = {Efficient State Merging in Symbolic Execution},
    booktitle = {Proc. of the 33rd ACM SIGPLAN Conference on Programming Language Design and Implementation},
    year = 2012,
    pages = {193--204},
    location = {Beijing, China},
    series = {PLDI '12},
}

@inproceedings{fmcad:2013:Alur,
    author = {R. Alur and R. Bodik and G. Juniwal and M. M. K. Martin and M. Raghothaman and S. A. Seshia and R. Singh and A. Solar-Lezama and E. Torlak and A. Udupa},
    title = {Syntax-guided synthesis},
    booktitle = {2013 Formal Methods in Computer-Aided Design},
    year = 2013,
    pages = {1--8},
}

@inproceedings{onward:2013:Torlak,
    author = {Torlak, Emina and Bodik, Rastislav},
    title = {Growing Solver-Aided Languages with Rosette},
    booktitle = {Proc. of the 2013 ACM International Symposium on New Ideas, New Paradigms, and Reflections on Programming and Software},
    year = 2013,
    pages = {135--152},
    location = {Indianapolis, Indiana, USA},
    series = {Onward! 2013},
}

@book{book:2008:solar,
  author = {Solar-Lezama, Armando and Bodik, Rastislav},
  title = {Program synthesis by sketching},
  year = 2008,
  publisher = {Citeseer},
}

@inproceedings{pldi:2005:Godefroid,
    author = {Godefroid, Patrice and Klarlund, Nils and Sen, Koushik},
    title = {DART: Directed Automated Random Testing},
    booktitle = {Proc. of the 2005 ACM SIGPLAN Conference on Programming Language Design and Implementation},
    year = 2005,
    pages = {213--223},
    location = {Chicago, IL, USA},
    series = {PLDI '05},
}

@inproceedings{esec:2005:Koushik,
    author = {Sen, Koushik and Marinov, Darko and Agha, Gul},
    title = {CUTE: A Concolic Unit Testing Enginge for C},
    booktitle = {Proc. of the 10th European Software Engineering Conference Held Jointly with the 13th ACM SIGSOFT International Symposium on Foundations of Software Engineering},
    year = 2005,
    pages = {263--272},
    location = {Lisbon, Portugal},
    series = {ESEC/FSE '13},
}

@inproceedings{cav:2006:Koushik,
    author = {Sen, Koushik and Agha, Gul},
    title = {CUTE and jCUTE: Concolic Unit Testing and Explicit Path Model-Checking Tools},
    year = 2006,
    pages = {419--423},
}

@inproceedings{edcc:2005:Williams,
    author = {Williams, Nicky and Marre, Bruno and Mouy, Patricia and Roger, Muriel},
    title = {PathCrawler: Automatic Generation of Path Tests by Combining Static and Dynamic Analysis},
    year = 2005,
    pages = {281--292},
}

@inproceedings{ase:2010:Pasareanu,
    author = {Pasareanu, Corina and Rungta, Neha},
    title = {Symbolic PathFinder: Symbolic Execution of Java Bytecode},
    year = 2010,
    pages = {179--180},
}